<record><leader>00000cas a22000007a 4500</leader><controlfield tag="001">30465444</controlfield><controlfield tag="008">940519d1907191uokuwr ne      0    0eng d</controlfield><datafield ind1=" " ind2=" " tag="010"><subfield code="a">sn 94058845 </subfield></datafield><datafield ind1=" " ind2=" " tag="040"><subfield code="a">OBN</subfield><subfield code="b">eng</subfield><subfield code="c">OBN</subfield><subfield code="d">OCLCQ</subfield><subfield code="d">OCLCO</subfield></datafield><datafield ind1="1" ind2=" " tag="029"><subfield code="a">AU@</subfield><subfield code="b">000025850811</subfield></datafield><datafield ind1=" " ind2=" " tag="042"><subfield code="a">msc</subfield></datafield><datafield ind1="0" ind2=" " tag="130"><subfield code="a">Blanchard record (Blanchard, Okla. : 1907)</subfield></datafield><datafield ind1="0" ind2="4" tag="245"><subfield code="a">The Blanchard record.</subfield></datafield><datafield ind1=" " ind2=" " tag="260"><subfield code="a">Blanchard, Ind. Ter. [Okla.] :</subfield><subfield code="b">F.M. McFall</subfield></datafield><datafield ind1=" " ind2=" " tag="300"><subfield code="a">v.</subfield></datafield><datafield ind1=" " ind2=" " tag="310"><subfield code="a">Weekly</subfield></datafield><datafield ind1="0" ind2=" " tag="362"><subfield code="a">Vol. 1, no. 1 (May 17, 1907)-</subfield></datafield><datafield ind1=" " ind2="0" tag="651"><subfield code="a">Blanchard (Okla.)</subfield><subfield code="v">Newspapers.</subfield></datafield><datafield ind1=" " ind2="0" tag="651"><subfield code="a">McClain County (Okla.)</subfield><subfield code="v">Newspapers.</subfield></datafield><datafield ind1=" " ind2="0" tag="651"><subfield code="a">Indian Territory</subfield><subfield code="v">Newspapers.</subfield></datafield><datafield ind1=" " ind2=" " tag="752"><subfield code="a">United States</subfield><subfield code="b">Oklahoma</subfield><subfield code="c">McClain</subfield><subfield code="d">Blanchard.</subfield></datafield></record>